<ENVELOPE>
  <HEADER><VERSION>1</VERSION><STATUS>1</STATUS></HEADER>
  <BODY><DATA><TALLYMESSAGE>
    <VOUCHER VCHTYPE="Sales" VCHNUMBER="S-200" GUID="guid-200">
      <DATE>20251012</DATE>
      <PARTYLEDGERNAME>Acme Distributors</PARTYLEDGERNAME>
      <!-- No header-level AMOUNT -->
      <ALLLEDGERENTRIES.LIST>
        <LEDGERNAME>Sales A/c</LEDGERNAME>
        <ISDEEMEDPOSITIVE>Yes</ISDEEMEDPOSITIVE>
        <AMOUNT>-1234.50</AMOUNT>
      </ALLLEDGERENTRIES.LIST>
      <ALLLEDGERENTRIES.LIST>
        <LEDGERNAME>Acme Distributors</LEDGERNAME>
        <ISDEEMEDPOSITIVE>No</ISDEEMEDPOSITIVE>
        <AMOUNT>1234.50</AMOUNT>
      </ALLLEDGERENTRIES.LIST>
    </VOUCHER>
  </TALLYMESSAGE></DATA></BODY>
</ENVELOPE>

