<ENVELOPE>
  <HEADER><VERSION>1</VERSION><STATUS>1</STATUS></HEADER>
  <BODY><DATA><TALLYMESSAGE>
    <VOUCHER VCHTYPE="Sales" VCHNUMBER="S-101" GUID="guid-101">
      <DATE>20251011</DATE>
      <PARTYLEDGERNAME>Acme Distributors</PARTYLEDGERNAME>
      <AMOUNT>1000.00</AMOUNT>
      <ALLLEDGERENTRIES.LIST>
        <LEDGERNAME>Acme Distributors</LEDGERNAME>
        <AMOUNT>1000.00</AMOUNT>
      </ALLLEDGERENTRIES.LIST>
      <ALLLEDGERENTRIES.LIST>
        <LEDGERNAME>Sales</LEDGERNAME>
        <AMOUNT>-1000.00</AMOUNT>
      </ALLLEDGERENTRIES.LIST>
    </VOUCHER>
    <VOUCHER VCHTYPE="Sales" VCHNUMBER="S-102" GUID="guid-102">
      <DATE>20251012</DATE>
      <PARTYLEDGERNAME>Acme Distributors</PARTYLEDGERNAME>
      <AMOUNT>2000.00</AMOUNT>
      <ALLLEDGERENTRIES.LIST>
        <LEDGERNAME>Acme Distributors</LEDGERNAME>
        <AMOUNT>2000.00</AMOUNT>
      </ALLLEDGERENTRIES.LIST>
      <ALLLEDGERENTRIES.LIST>
        <LEDGERNAME>Sales</LEDGERNAME>
        <AMOUNT>-2000.00</AMOUNT>
      </ALLLEDGERENTRIES.LIST>
    </VOUCHER>
    <VOUCHER VCHTYPE="Sales" VCHNUMBER="S-103" GUID="guid-103">
      <DATE>20251013</DATE>
      <PARTYLEDGERNAME>Acme Distributors</PARTYLEDGERNAME>
      <AMOUNT>3000.00</AMOUNT>
      <ALLLEDGERENTRIES.LIST>
        <LEDGERNAME>Acme Distributors</LEDGERNAME>
        <AMOUNT>3000.00</AMOUNT>
      </ALLLEDGERENTRIES.LIST>
      <ALLLEDGERENTRIES.LIST>
        <LEDGERNAME>Sales</LEDGERNAME>
        <AMOUNT>-3000.00</AMOUNT>
      </ALLLEDGERENTRIES.LIST>
    </VOUCHER>
  </TALLYMESSAGE></DATA></BODY>
</ENVELOPE>

